<?xml version="1.0" encoding="UTF-8"?><collection xmlns="http://www.loc.gov/MARC21/slim"><record><leader>00528nam--2200133-i-4500</leader><controlfield tag="001">000026868</controlfield><controlfield tag="002">20161230</controlfield><controlfield tag="005">20161230201036</controlfield><controlfield tag="008">060222s1000------------r-----000-0-eng-d</controlfield><datafield ind1=" " ind2=" " tag="100"><subfield code="a">Knipper, Albert</subfield></datafield><datafield ind1=" " ind2=" " tag="245"><subfield code="a">Contribution a l`etude experimentale de niveaux excites de quelques noyaux radioactifs par la mesure de leur periode, par la methode ds correlations angulaires et par la methode d`orientation nucleaire aux basses temperatures</subfield></datafield><datafield ind1=" " ind2=" " tag="260"><subfield code="a">Strasbourg, Faculte Des Sciences, F.A., 134p</subfield></datafield><datafield ind1=" " ind2=" " tag="490"><subfield code="a">These</subfield></datafield><datafield ind1=" " ind2=" " tag="852"><subfield code="a">18120</subfield></datafield></record></collection>